@article{aitchison1981lexical,
  title={Lexical storage and retrieval: a developing skill?},
  author={Aitchison, Jean and Straf, Miron},
  journal={Linguistics},
  volume={19},
  number={7-8},
  pages={751--796},
  year={1981},
  publisher={Walter de Gruyter, Berlin/New York}
}